@book{patankar_2018_numerical,
  author = {Patankar, Suhas V.},
  month = {10},
  publisher = {CRC Press},
  title = {Numerical Heat Transfer and Fluid Flow},
  doi = {10.1201/9781482234213},
  urldate = {2022-12-18},
  year = {2018}
}